@inproceedings{brants2007,
  title={Large language models in machine translation},
  author={Brants, Thorsten and Popat, Ashok C and Xu, Peng and Och, Franz J and Dean, Jeffrey},
  booktitle={In Proceedings of the Joint Conference on Empirical Methods in Natural Language Processing and Computational Natural Language Learning},
  year={2007},
  organization={Association for Computational Linguistics}
}

@article{good1953,
  title={The population frequencies of species and the estimation of population parameters},
  author={Good, Irving J},
  journal={Biometrika},
  volume={40},
  number={3-4},
  pages={237--264},
  year={1953},
  publisher={Biometrika Trust}
}

@article{hanhoshi1997,
    author    = "Te Sun Han and Mamoru Hoshi",
    title     = "Interval Algorithm for Random Number Generation",
    journal   = "IEEE Transactions on Information Theory",
    volume    = "43",
    number    = "2",
    pages     = "599--611",
    year      = "1997",
    month     = "March",
}

@inproceedings{kneserney1995,
  title={Improved backing-off for m-gram language modeling},
  author={Kneser, Reinhard and Ney, Hermann},
  booktitle={Acoustics, Speech, and Signal Processing, 1995. ICASSP-95., 1995 International Conference on},
  volume={1},
  pages={181--184},
  year={1995},
  organization={IEEE}
}

@inproceedings{lin2012paper,
  title={Syntactic annotations for the {G}oogle {B}ooks {N}gram {C}orpus},
  author={Lin, Yuri and Michel, Jean-Baptiste and Aiden, Erez Lieberman and Orwant, Jon and Brockman, Will and Petrov, Slav},
  booktitle={Proceedings of the ACL 2012 System Demonstrations},
  pages={169--174},
  year={2012},
  organization={Association for Computational Linguistics}
}

@mastersthesis{lin2012thesis,
  title       = "Syntactically annotated {N}grams for {G}oogle {B}ooks",
  author      = "Yuri Lin and Dorothy Curtis and Slav Petrov",
  year        = "2012",
  school      = "Massachusetts Institute of Technology"
}

@techreport{said2004introduction,
  title       = "Introduction to arithmetic coding -- theory and practice",
  author      = "Amir Said",
  institution = "{H}ewlett {P}ackard {L}aboratories {P}alo {A}lto",
  month       = "April",
  year        = "2004",
  type        = "{H}ewlett {P}ackard {L}aboratories {R}eport"
}

@article{shannon1949communication,
  title={Communication Theory of Secrecy Systems*},
  author={Shannon, Claude E},
  journal={Bell System Technical Journal},
  volume={28},
  number={4},
  pages={656--715},
  year={1949},
  publisher={Wiley Online Library}
}

@article{cachin2002,
    author    = "Christian Cachin",
    title     = "An information-theoretic model for steganography",
    journal   = "Information and Computation",
    volume    = "192",
    number    = "1",
    pages     = "41--56",
    year      = "2004",
    month     = "July",
}

@article{googlengrams2011,
    author    = "Jean-Baptiste Michel and Yuan Kui Shen and Aviva Presser Aiden and Adrian Veres and Matthew K. Gray and William Brockman and {The Google Books Team} and Joseph P. Pickett and Dale Hoiberg and Dan Clancy and Peter Norvig and Jon Orwant and Steven Pinker and Martin A. Nowak and Erez Lieberman Aiden",
    title     = "Quantitative Analysis of Culture Using Millions of Digitized Books",
    journal   = "Science",
    volume    = "331",
    number    = "6014",
    pages     = "176--182",
    year      = "2011",
    month     = "January",
}

@article{coca2010,
    author    = "Mark Davies",
    title     = "The {C}orpus of {C}ontemporary {A}merican {E}nglish as the first reliable monitor corpus of {E}nglish",
    journal   = "Literary and Linguistic Computing",
    volume    = "25",
    number    = "4",
    pages     = "447--464",
    year      = "2010",
    month     = "October",
}

@incollection{coverthomas:sfecoding,
    author    = "Thomas M. Cover and Joy A. Thomas",
    title     = "{S}hannon-{F}ano-{E}lias coding",
    booktitle = "Elements of Information Theory",
    publisher = "John Wiley \& Sons, Inc.",
    year      = "2006",
    chapter   = "5.7",
    pages     = "127--130",
    edition   = "2nd"
}

@manual{4f11:statistical_language_models,
    author    = "Philip C. Woodland",
    title     = "4F11 Speech and Language Processing, Lecture 7: Statistical Language Models",
    organization = "Cambridge University Engineering Department",
    edition   = "{L}ent 2014",
    year      = "2014",
    month     = "February",
    note      = "Online; accessed May 2, 2014"
}

@manual{4f11:smt_systems,
    author    = "William J. Byrne",
    title     = "4F11 Speech and Language Processing, Lecture 13: Statistical Machine Translation Systems",
    organization = "Cambridge University Engineering Department",
    edition   = "{L}ent 2014",
    year      = "2014",
    month     = "March",
    note      = "Online; accessed May 2, 2014"
}

@manual{coursera:nlp,
    author    = "Daniel Jurafsky and Christopher Manning",
    title     = "Natural Language Processing, Week 2: Language Modeling",
    organization = "Coursera",
    note      = "Online; accessed May 2, 2014"
}

@misc{lib:unidecode,
    author    = "Tomaz Solc and Sean M. Burke",
    title     = "Unidecode 0.04.14 -- {ASCII} transliterations of {U}nicode text",
    howpublished = "\url{https://pypi.python.org/pypi/Unidecode}",
    year      = "2013",
    note      = "Online; released September 20, 2013"
}

@misc{wiki:steganography,
    author    = "Wikipedia",
    title     = "Steganography --- {W}ikipedia{,} The Free Encyclopedia",
    howpublished = "\url{http://en.wikipedia.org/w/index.php?title=Steganography&oldid=590219361}",
    year      = "2014",
    note      = "Online; accessed January 13, 2014"
}

@misc{web:letter_distribution,
    author    = "Freek Dijkstra",
    title     = "Letter Distribution --- {E}xterior {M}emory",
    howpublished = "\url{http://www.macfreek.nl/memory/index.php?title=Letter_Distribution&oldid=4995}",
    year      = "2014",
    note      = "Online; accessed January 14, 2014"
}

@misc{web:byu_ngrams,
    author    = "Mark Davies",
    title     = "N-grams: based on 450 million word {COCA} corpus",
    howpublished = "\url{http://www.ngrams.info/}",
    year      = "2013",
    note      = "Online; accessed October 18, 2013"
}

@techreport{standard:din5007v2,
   author     = "{NA 043-03-01 AA committee}",
   title      = "Rules for alphabetical ordering -- {P}art 2: {P}resentation of names",
   type       = "{DIN}",
   number     = "5007-2",
   year       = "1996",
   month      = "May",
   institution = "{D}eutsches {I}nstitut f√ºr {N}ormung e. {V}."
}
